<?xml version="1.0" encoding="UTF-8" ?>
<record Numero="13908265" format="InterXMarc_Complet" type="Authority">
<leader>01575c0 au22000272  45  <Pos Code="0004">01575</Pos>
<Pos Code="05" Sens="notice modifiée">c</Pos>
<Pos Code="06" Sens="notice validée par les services d&apos;autorité">0</Pos>
<Pos Code="08" Sens="notice d&apos;autorité">a</Pos>
<Pos Code="09" Sens="titre uniforme musical (TUM)">u</Pos>
<Pos Code="10">2</Pos>
<Pos Code="11">2</Pos>
<Pos Code="1216">00027</Pos>
<Pos Code="17" Sens="autres cas">2</Pos>
<Pos Code="20">4</Pos>
<Pos Code="21">5</Pos>
</leader>
<controlfield tag="001">FRBNF139082653<Pos Code="0001">FR</Pos>
<Pos Code="0204">BNF</Pos>
<Pos Code="0512">13908265</Pos>
<Pos Code="13">3</Pos>
</controlfield>
<controlfield tag="008">890821130711yyger inm       180910    181006                 010 <Pos Code="0001">89</Pos>
<Pos Code="0203">08</Pos>
<Pos Code="0405">21</Pos>
<Pos Code="0607">13</Pos>
<Pos Code="0809">07</Pos>
<Pos Code="1011">11</Pos>
<Pos Code="1213" Sens="ne s&apos;applique pas">yy</Pos>
<Pos Code="1416" Sens="allemand">ger</Pos>
<Pos Code="1820" Sens="musique de scène">inm</Pos>
<Pos Code="2831">1809</Pos>
<Pos Code="3233">10</Pos>
<Pos Code="3841">1810</Pos>
<Pos Code="4243">06</Pos>
<Pos Code="61" Sens="La vedette peut être liée à une notice bibliographique pour les accès signalétiques et/ou pour l&apos;accès matière RAMEAU">0</Pos>
<Pos Code="62" Sens="La vedette ne peut s&apos;employer qu&apos;en tête de vedette">1</Pos>
<Pos Code="63" Sens="La vedette n&apos;admet pas de subdivision géographique">0</Pos>
</controlfield>
<datafield tag="048" ind1=" " ind2=" ">
	<subfield code="b">va01<Pos Code="0001" Sens="voix - soprano">va</Pos>
<Pos Code="02">0</Pos>
<Pos Code="03">1</Pos>
</subfield>
	<subfield code="a">oa01<Pos Code="0001" Sens="orchestre - orchestre symphonique XIXe-XXe s.">oa</Pos>
<Pos Code="02">0</Pos>
<Pos Code="03">1</Pos>
</subfield>
</datafield>
<datafield tag="100" ind1=" " ind2=" ">
	<subfield code="3">13891295</subfield>
	<subfield code="w">.0..b.....</subfield>
	<subfield code="a">Beethoven</subfield>
	<subfield code="m">Ludwig van</subfield>
	<subfield code="d">1770-1827</subfield>
</datafield>
<datafield tag="144" ind1="1" ind2=" ">
	<subfield code="w">....b.....</subfield>
	<subfield code="a">Egmont</subfield>
	<subfield code="p">Op. 84</subfield>
</datafield>
<datafield tag="302" ind1=" " ind2=" ">
	<subfield code="3">16517397</subfield>
	<subfield code="a">Beethoven</subfield>
	<subfield code="m">Ludwig van</subfield>
	<subfield code="d">1770-1827</subfield>
	<subfield code="t">[Egmont. Op. 84. No 7. Clärchens Tod bezeichnend]</subfield>
</datafield>
<datafield tag="302" ind1=" " ind2=" ">
	<subfield code="3">16517393</subfield>
	<subfield code="a">Beethoven</subfield>
	<subfield code="m">Ludwig van</subfield>
	<subfield code="d">1770-1827</subfield>
	<subfield code="t">[Egmont. Op. 84. No 1. Die Trommel gerühret]</subfield>
</datafield>
<datafield tag="302" ind1=" " ind2=" ">
	<subfield code="3">13908266</subfield>
	<subfield code="a">Beethoven</subfield>
	<subfield code="m">Ludwig van</subfield>
	<subfield code="d">1770-1827</subfield>
	<subfield code="t">[Egmont. Op. 84. Ouverture]</subfield>
</datafield>
<datafield tag="302" ind1=" " ind2=" ">
	<subfield code="3">13972065</subfield>
	<subfield code="a">Beethoven</subfield>
	<subfield code="m">Ludwig van</subfield>
	<subfield code="d">1770-1827</subfield>
	<subfield code="t" Barre="5">[Die Trommel gerühret. Op. 84, no 1]</subfield>
</datafield>
<datafield tag="302" ind1=" " ind2=" ">
	<subfield code="3">13972068</subfield>
	<subfield code="a">Beethoven</subfield>
	<subfield code="m">Ludwig van</subfield>
	<subfield code="d">1770-1827</subfield>
	<subfield code="t">[Freudvoll und leidvoll. Op. 84, no 4]</subfield>
</datafield>
<datafield tag="320" ind1=" " ind2=" ">
	<subfield code="3">11958580</subfield>
	<subfield code="9">145</subfield>
	<subfield code="a">Goethe</subfield>
	<subfield code="m">Johann Wolfgang von</subfield>
	<subfield code="d">1749-1832</subfield>
	<subfield code="t">Egmont</subfield>
</datafield>
<datafield tag="444" ind1="1" ind2=" ">
	<subfield code="w">....b.ger.</subfield>
	<subfield code="a">Musik zu Johann Wolfgang von Goethes Trauerspiel Egmont</subfield>
	<subfield code="p">Op. 84</subfield>
</datafield>
<datafield tag="600" ind1=" " ind2=" ">
	<subfield code="a">Musique de scène pour la tragédie de Johann Wolfgang von Goethe</subfield>
	<subfield code="a">Date de composition : octobre 1809 - juin 1810</subfield>
	<subfield code="a">1re représentation : Vienne, Hofburgtheater, 15 juin 1810</subfield>
	<subfield code="a">1re éd. : Leipzig : Breitkopf &amp; Härtel, 1810 (ouverture), 1812 (lieder et entractes)</subfield>
</datafield>
<datafield tag="600" ind1=" " ind2=" ">
	<subfield code="a">Comprend : Ouverture ; Lied (Die Trommel gerühret) ; Zwischenakt I ; Zwischenakt II ; Lied (Freudvoll und leidvoll) ; Zwischenakt III ; Zwischenakt IV ; Musik, Clärchens Tod bezeichnend ; Melodram ; Siegessymphonie</subfield>
</datafield>
<datafield tag="608" ind1=" " ind2=" ">
	<subfield code="b">Clärchen (soprano)</subfield>
</datafield>
<datafield tag="610" ind1=" " ind2=" ">
	<subfield code="a">Kinsky</subfield>
</datafield>
<datafield tag="610" ind1=" " ind2=" ">
	<subfield code="a">Grove 6</subfield>
</datafield>
<datafield tag="624" ind1=" " ind2=" ">
	<subfield code="a">780<Pos Code="0002" Sens="Musique">780</Pos>
</subfield>
</datafield>
<datafield tag="907" ind1=" " ind2=" ">
	<subfield code="o">GEA</subfield>
	<subfield code="a">00085934X</subfield>
</datafield>
<datafield tag="917" ind1=" " ind2=" ">
	<subfield code="o">OPL</subfield>
	<subfield code="a">00187764X</subfield>
</datafield>
<datafield tag="917" ind1=" " ind2=" ">
	<subfield code="o">OPC</subfield>
	<subfield code="a">100366880</subfield>
</datafield>
<datafield tag="917" ind1=" " ind2=" ">
	<subfield code="o">OPD</subfield>
	<subfield code="a">100307890</subfield>
	<subfield code="b">ATUM</subfield>
</datafield>
<datafield tag="996" ind1=" " ind2=" ">
	<subfield code="o">OPP</subfield>
	<subfield code="a">14806955</subfield>
	<subfield code="d">20100303</subfield>
</datafield>
<datafield tag="996" ind1=" " ind2=" ">
	<subfield code="o">OPP</subfield>
	<subfield code="a">16303026</subfield>
	<subfield code="d">20130711</subfield>
</datafield>
<datafield tag="996" ind1=" " ind2=" ">
	<subfield code="o">OPP</subfield>
	<subfield code="a">16303027</subfield>
	<subfield code="d">20130711</subfield>
</datafield>
<Alter Ori="13891295">
<datafield tag="400" ind1=" " ind2=" ">
	<subfield code="w">....b.....</subfield>
	<subfield code="a">Beethoven</subfield>
	<subfield code="m">Ludwig von</subfield>
	<subfield code="d">1770-1827</subfield>
</datafield>
</Alter>
<Attr Nom="IDPerenne">ark:/12148/cb139082656</Attr>
<Attr Nom="NumSource">GEA 00085934X</Attr>
<Attr Nom="Source" Sens="BnF catalogue général (depuis 1999)">A</Attr>
<Attr Nom="NumAutoriteLiee">13891295165173971651739313908266139720651397206811958580</Attr>
<Attr Nom="DateCreation">21/08/ 1989</Attr>
<Attr Nom="ResponsableCreation">MIGV2</Attr>
<Attr Nom="StructCreation">1</Attr>
<Attr Nom="DateDerniereValidation">11/07/ 2013</Attr>
<Attr Nom="ResponsableDerniereValidation">SERRES CATHERINE</Attr>
<Attr Nom="StructPremiereValidation">1</Attr>
<Attr Nom="DatePremiereValidation">21/08/ 1989</Attr>
<Attr Nom="ResponsablePremiereValidation">MIGV2</Attr>
<Attr Nom="StructDerniereValidation">82</Attr>
<Attr Nom="NumSource" Rep="1">OPL 00187764X</Attr>
<Attr Nom="NumSource" Rep="2">OPC 100366880</Attr>
<Attr Nom="NumSource" Rep="3">OPD 100307890</Attr>
<Attr Nom="NumSource" Rep="4">OPP 14806955</Attr>
<Attr Nom="NumSource" Rep="5">OPP 16303026</Attr>
<Attr Nom="NumSource" Rep="6">OPP 16303027</Attr>
</record>
